<?xml version="1.0" encoding="UTF-8"?><record xmlns="http://www.loc.gov/MARC21/slim" xmlns:cinclude="http://apache.org/cocoon/include/1.0" xmlns:zs="http://www.loc.gov/zing/srw/">
  <leader>00498nz  a2200133n  4500</leader>
  <controlfield tag="001">no2012022225</controlfield>
  <controlfield tag="003">DLC</controlfield>
  <controlfield tag="005">20120217075410.0</controlfield>
  <controlfield tag="008">120215n| acannaabn          |n aaa     c</controlfield>
  <datafield tag="010" ind1=" " ind2=" ">
    <subfield code="a">no2012022225</subfield>
  </datafield>
  <datafield tag="035" ind1=" " ind2=" ">
    <subfield code="a">(OCoLC)oca09116042</subfield>
  </datafield>
  <datafield tag="040" ind1=" " ind2=" ">
    <subfield code="a">MiFliG</subfield>
    <subfield code="b">eng</subfield>
    <subfield code="c">MiFliG</subfield>
  </datafield>
  <datafield tag="100" ind1="1" ind2=" ">
    <subfield code="a">Noyer, R. O.</subfield>
  </datafield>
  <datafield tag="670" ind1=" " ind2=" ">
    <subfield code="a">Automatic vehicle monitoring and control in an urban environment, 1970:</subfield>
    <subfield code="b">cover (R.O. Noyer, Member, Technical Staff Transportation Systems Planning, The MITRE Corp., Westgate Research Park, McLean, Va.))</subfield>
  </datafield>
</record>